@misc{benchcpp,
    title = {Rust comparison with C++},
    year = 2019,
    howpublished = {\url{https://benchmarksgame-team.pages.debian.net/benchmarksgame/fastest/rust-gpp.html}},
    Note = {accessed 2019-06-26}
}

@misc{frameworks,
    title = {Most Popular Backend Frameworks â€“ 2012/2019},
    year = 2019,
    howpublished = {\url{https://statisticsanddata.org/data/most-popular-backend-frameworks-2012-2021/}},
    Note = {accessed 2022-02-07}
}

    % howpublished = {\url{http://lectures.webcourse.niksula.hut.fi/img/django_mtv.png}},
@misc{overview,
    title = {Devopedia, "Django"},
    year = 2020,
    howpublished = {\url{https://devopedia.org/django}},
    Note = {accessed 2022-02-07}
}

